@article{pearman2024scruton,
  author  = {Jared Pearman},
  title   = {{Sir Roger Scruton: Defining Beauty In The Way He Lived His Life}},
  journal = {Magnifissance},
  year    = {2024},
  volume  = {105},
  note    = {Issue 105}
}